<?xml version="1.0" encoding="UTF-8"?><collection xmlns="http://www.loc.gov/MARC21/slim"><record><leader>00325nam--2200121-i-4500</leader><controlfield tag="001">000021250</controlfield><controlfield tag="002">20161230</controlfield><controlfield tag="005">20161230201034</controlfield><controlfield tag="008">060222s1000------------r-----000-0-eng-d</controlfield><datafield ind1=" " ind2=" " tag="100"><subfield code="a">Heisenberg, Werner</subfield></datafield><datafield ind1=" " ind2=" " tag="245"><subfield code="a">The physical principles of the quantum theory</subfield></datafield><datafield ind1=" " ind2=" " tag="260"><subfield code="a">New York, Dover Publications, 1930, 183p</subfield></datafield><datafield ind1=" " ind2=" " tag="852"><subfield code="a">12914</subfield></datafield></record></collection>